<?xml version="1.0" encoding="UTF-8"?><record xmlns="http://www.loc.gov/MARC21/slim" xmlns:cinclude="http://apache.org/cocoon/include/1.0" xmlns:zs="http://www.loc.gov/zing/srw/">
  <leader>00613nz  a2200157n  4500</leader>
  <controlfield tag="001">nr2002040691</controlfield>
  <controlfield tag="003">DLC</controlfield>
  <controlfield tag="005">20021105033120.0</controlfield>
  <controlfield tag="008">021104n| acannaabn          |a aaa     c</controlfield>
  <datafield tag="010" ind1=" " ind2=" ">
    <subfield code="a">nr2002040691</subfield>
  </datafield>
  <datafield tag="040" ind1=" " ind2=" ">
    <subfield code="a">CtY</subfield>
    <subfield code="b">eng</subfield>
    <subfield code="c">CtY</subfield>
  </datafield>
  <datafield tag="100" ind1="1" ind2=" ">
    <subfield code="a">Vetrogonskiĭ, Vladimir,</subfield>
    <subfield code="d">1923-</subfield>
  </datafield>
  <datafield tag="400" ind1="1" ind2=" ">
    <subfield code="a">Vetrogonskiĭ, V.</subfield>
    <subfield code="q">(Vladimir),</subfield>
    <subfield code="d">1923-</subfield>
  </datafield>
  <datafield tag="400" ind1="1" ind2=" ">
    <subfield code="a">Vetrogonskiĭ, Vladimir Aleksandrovich,</subfield>
    <subfield code="d">1923-</subfield>
  </datafield>
  <datafield tag="400" ind1="1" ind2=" ">
    <subfield code="a">Vetrogonskiĭ, V. A.</subfield>
    <subfield code="q">(Vladimir Aleksandrovich),</subfield>
    <subfield code="d">1923-</subfield>
  </datafield>
  <datafield tag="670" ind1=" " ind2=" ">
    <subfield code="a">Vladimir Vetrogonskiĭ, 2001:</subfield>
    <subfield code="b">p. 7 (Vladimir Aleksandrovich Vetrogonskiĭ) p. 8 (V.A. Vetrogonskiĭ) copr. (V. Vetrogonskiĭ) p. 146 (b. 1923)</subfield>
  </datafield>
</record>